@ONLINE{ref1,
  author = {name},
  title = {website title},
  note = {\url{http://link}}
}

@book {iptables,
  title = {Linux-Firewalls mit iptables \& Co. Sicherheit mit Kernel 2.4 und 2.6 für Linux-Server und -Netzwerke},
  shorttitle =    {Linux-Firewalls mit iptables \& Co.},
  author = {Ralf Spenneberg}, 
  publisher = {Addison-Wesley Verlag},
  year = {2006},
  note = {ISBN 3-8273-2136-0}
}

@manual {labor,
  author = {Jürgen Neuschwander and Sabine Düsterhöft},
  title = {Labor für IT-Sicherheit},
  year = {2011},
  note = {HTWG Kostanz, Fakultät Informatik, Raum F223}
}
